<collection xmlns="http://www.loc.gov/MARC21/slim">
<record>
  <leader>01564nam0a22002411i 450 </leader>
  <controlfield tag="001">IT\ICCU\CNCE\042697</controlfield>
  <controlfield tag="005">19981221000000.0</controlfield>
  <datafield tag="012" ind1=" " ind2=" ">
    <subfield code="a">l-mi o-19 r.c. moSe (3) 1574 (R)</subfield>
    <subfield code="2">fei</subfield>
  </datafield>
  <datafield tag="100" ind1=" " ind2=" ">
    <subfield code="a">19981216d1574        0itac0103    ba</subfield>
  </datafield>
  <datafield tag="101" ind1=" " ind2=" ">
    <subfield code="a">LAT</subfield>
  </datafield>
  <datafield tag="102" ind1=" " ind2=" ">
    <subfield code="a">IT</subfield>
  </datafield>
  <datafield tag="200" ind1="1" ind2=" ">
    <subfield code="a">Tractatus de eo quod interest, ad theoricam, praximque vtilissimus, iudicibus causarumque patronis valde necessarius, ... Accessit breuis et analytica discussio De inofficiosis testamentis, donationibus, &amp; dotibus, cum multorum iurium enucleatione. Discutitur etiam Quaestio vna ad materiam l. si vnquam .C. de reuo. dona. spectans, de donatione in contractu matrimonij celebrata. Omn</subfield>
  </datafield>
  <datafield tag="210" ind1=" " ind2=" ">
    <subfield code="a">Venetiis</subfield>
    <subfield code="c">\al segno della Fontana!</subfield>
    <subfield code="d">1574</subfield>
  </datafield>
  <datafield tag="215" ind1=" " ind2=" ">
    <subfield code="a">\16!, 511 \i.e. 509, 3! p.</subfield>
    <subfield code="d"></subfield>
  </datafield>
  <datafield tag="300" ind1=" " ind2=" ">
    <subfield code="a">((Per l&apos;A. cfr. H.J. Becker, &quot;Cavallini Gaspare&quot; in DBI, 22, p. 773-774. - Marca n.c. (Fontana) sul front. - Cors. ; rom. - Segn</subfield>
  </datafield>
  <datafield tag="700" ind1=" " ind2="1">
    <subfield code="a">Du_Moulin,</subfield>
    <subfield code="b">Charles</subfield>
    <subfield code="3">IT\ICCU\CNCA\004961</subfield>
  </datafield>
  <datafield tag="702" ind1=" " ind2="1">
    <subfield code="a">Cavallini,</subfield>
    <subfield code="b">Gaspare</subfield>
    <subfield code="3">IT\ICCU\CNCA\000032</subfield>
  </datafield>
  <datafield tag="790" ind1=" " ind2="0">
    <subfield code="a">Molinaeus</subfield>
    <subfield code="3">IT\ICCU\CNCA\014669</subfield>
    <subfield code="z">Du_Moulin, Charles</subfield>
  </datafield>
  <datafield tag="790" ind1=" " ind2="1">
    <subfield code="a">Molinaeus,</subfield>
    <subfield code="b">Carolus</subfield>
    <subfield code="3">IT\ICCU\CNCA\018466</subfield>
    <subfield code="z">Du_Moulin, Charles</subfield>
  </datafield>
  <datafield tag="790" ind1=" " ind2="1">
    <subfield code="a">Caballinus,</subfield>
    <subfield code="b">Gaspar</subfield>
    <subfield code="3">IT\ICCU\CNCA\018663</subfield>
    <subfield code="z">Cavallini, Gaspare</subfield>
  </datafield>
  <datafield tag="790" ind1=" " ind2="0">
    <subfield code="a">Gaspar</subfield>
    <subfield code="c"> : de#Cingulo</subfield>
    <subfield code="3">IT\ICCU\CNCA\023248</subfield>
    <subfield code="z">Cavallini, Gaspare</subfield>
  </datafield>
  <datafield tag="801" ind1=" " ind2="3">
    <subfield code="a">IT</subfield>
    <subfield code="b">ICCU</subfield>
    <subfield code="c">20201114</subfield>
  </datafield>
  <datafield tag="899" ind1=" " ind2=" ">
    <subfield code="a">Biblioteca nazionale centrale. Roma</subfield>
    <subfield code="1">RM0267</subfield>
    <subfield code="2">BVE CR</subfield>
  </datafield>
</record>
</collection>
